<?xml version="1.0" encoding="UTF-8"?><collection xmlns="http://www.loc.gov/MARC21/slim"><record><leader>00524nam--2200157-i-4500</leader><controlfield tag="001">000004721</controlfield><controlfield tag="002">20161230</controlfield><controlfield tag="005">20170104005240</controlfield><controlfield tag="008">060222s1000------------r-----000-0-eng-d</controlfield><datafield ind1="1" ind2=" " tag="100"><subfield code="a">Blanc, Charles</subfield></datafield><datafield ind1="1" ind2="0" tag="245"><subfield code="a">Les equations differentielles de la technique. cours de mathematiques appliquees de l ecole polytechnique de l universite de laussanne</subfield></datafield><datafield ind1=" " ind2=" " tag="260"><subfield code="a">Neuchatel</subfield><subfield code="b">Editions Du Griffon</subfield><subfield code="c">1947</subfield></datafield><datafield ind1=" " ind2=" " tag="300"><subfield code="a">307 p</subfield></datafield><datafield ind1=" " ind2=" " tag="490"><subfield code="a">Bibliotheque Scientifique</subfield><subfield code="v">vol. 11</subfield></datafield><datafield ind1=" " ind2=" " tag="852"><subfield code="a">14456</subfield><subfield code="c">517.9</subfield></datafield><datafield ind1=" " ind2=" " tag="CAT"><subfield code="a">SYS</subfield><subfield code="c">20170104</subfield><subfield code="h">005240</subfield></datafield></record></collection>